<record><leader>00000cas a22000007a 4500</leader><controlfield tag="001">30726377</controlfield><controlfield tag="008">940708d19771984ncuwr ne      0    0eng d</controlfield><datafield ind1=" " ind2=" " tag="010"><subfield code="a">sn 94058235 </subfield></datafield><datafield ind1=" " ind2=" " tag="040"><subfield code="a">NVJ</subfield><subfield code="b">eng</subfield><subfield code="c">NVJ</subfield><subfield code="d">OCLCQ</subfield></datafield><datafield ind1=" " ind2=" " tag="042"><subfield code="a">msc</subfield></datafield><datafield ind1="0" ind2="4" tag="245"><subfield code="a">The Chatham County herald.</subfield></datafield><datafield ind1=" " ind2=" " tag="260"><subfield code="a">Pittsboro, N.C. :</subfield><subfield code="b">Jeffrey &amp; Linda Starkweather</subfield></datafield><datafield ind1=" " ind2=" " tag="300"><subfield code="a">v.</subfield></datafield><datafield ind1=" " ind2=" " tag="310"><subfield code="a">Weekly</subfield></datafield><datafield ind1="0" ind2=" " tag="362"><subfield code="a">Vol. 6, no. 30 (Nov. 2, 1977)-v. 13, no. 13 (July 12, 1984).</subfield></datafield><datafield ind1=" " ind2=" " tag="752"><subfield code="a">United States</subfield><subfield code="b">North Carolina</subfield><subfield code="c">Chatham</subfield><subfield code="d">Pittsboro.</subfield></datafield><datafield ind1="0" ind2="0" tag="780"><subfield code="t">Pittsboro herald</subfield><subfield code="w">(DLC)sn 94058234</subfield></datafield><datafield ind1="0" ind2="0" tag="785"><subfield code="t">Chatham herald-tribune</subfield><subfield code="w">(DLC)sn 85000240</subfield></datafield></record>